@article{yoav,
  note = {\raggedright Yoav. erc-4337-vs-eip-3074-false-dichotomy. 2023. https://notes.ethereum.org/@yoav/erc-4337-vs-eip-3074-false-dichotomy},
}

@article{paradigm,
  author = {Quintus Kilbourn, Georgios Konstantopoulos},
  title = {Intent-Based Architectures and Their Risks},
  year = {2023},
  note = {https://www.paradigm.xyz/2023/06/intents},
}

@article{share,
  author = {Flashbots},
  title = {MEV-Share},
  year = {2024},
  note = {https://docs.flashbots.net/flashbots-protect/mev-share},
}

@article{AA,
  author = {Ethereum Foundation},
  title = {Account abstraction},
  year = {2024},
  note = {https://ethereum.org/en/roadmap/account-abstraction},
}

@article{vitalik,
  author = {Vitalik Buterin},
  title = {ERC 4337: account abstraction without Ethereum protocol changes},
  year = {2021},
  note = {https://medium.com/infinitism/erc-4337-account-abstraction-without-ethereum-protocol-changes-d75c9d94dc4a},
}

@article{uniswapx,
  author = {Flashbots},
  title = {UniswapX},
  year = {2024},
  note = {https://dune.com/flashbots/uniswap-x},
}

@article{sec,
  author = {SEC},
  title = {Reg NMS},
  year = {2005},
  note = {https://www.sec.gov/files/rules/final/34-51808fr.pdf},
}

@article{fn,
  author = {Alexander Osipovich},
  title = {Charles Schwab, Citadel Securities, Robinhood report windfall on sales of investors’ order flow},
  year = {2022},
  note = {https://www.sec.gov/files/rules/final/34-51808fr.pdf},
}

@article{ofa,
  author = {Quintus Kilbourn},
  title = {Order flow, auctions and centralisation I},
  year = {2022},
  note = {https://collective.flashbots.net/t/order-flow-auctions-and-centralisation-i-a-warning/258},
}

@article{block,
  author = {Matt Cutler},
  title = {EthCC: Understanding ERC-4337—How it works and exploring unknowns},
  year = {2023},
  note = {https://www.blocknative.com/blog/ethcc-understanding-4337},
}

@article{uni,
  author = {Uniswap},
  title = {UniswapX},
  year = {2023},
  note = {https://uniswap.org/whitepaper-uniswapx.pdf},
}

@article{art,
  author = {Flashbots},
  title = {Orderflow.art},
  year = {2024},
  note = {https://orderflow.art/?isOrderflow=true},
}

@article{eigen,
  author = {EigenLayer},
  title = {Key Terms},
  year = {2024},
  note = {https://docs.eigenlayer.xyz/overview/key-terms},
}

@article{lvr,
  author = {Jason Milionis, Ciamac C. Moallemi, Tim Roughgarden, Anthony Lee Zhang},
  title = {Automated Market Making and Loss-Versus-Rebalancing},
  year = {2022},
  note = {https://arxiv.org/abs/2208.06046},
}

@article{cow,
  author = {CoWSwap},
  title = {Coincidence of Wants},
  year = {2024},
  note = {https://docs.cow.fi/cow-protocol/concepts/how-it-works/coincidence-of-wants},
}

@article{bond,
  author = {0xc3792470cee7e0D42C2Be8e9552bd651766c5178},
  title = {CIP-7: Allowing External Solvers},
  year = {2022},
  note = {https://snapshot.org/#/cow.eth/proposal/0x267edf7a0bd3c771cfca763322f011ee106d8d5158612c11da29183260d1dba7},
}

@article{suave,
  author = {Flashbots},
  title = {The Future of MEV is SUAVE},
  year = {2022},
  note = {https://writings.flashbots.net/the-future-of-mev-is-suave/},
}

@article{anoma,
  author = {Yulia Khalniyazova},
  title = {Privacy in Tents: an overview of private solving strategies},
  year = {2023},
  note = {https://anoma.net/blog/privacy-in-tents},
}

@article{lit,
  author = {Lit Protocol},
  title = {Serverless Signing},
  year = {2024},
  note = {https://developer.litprotocol.com/v3/concepts/programmable-signing-concept/},
}

@article{key,
  author = {ZeroDev},
  title = {Session Keys},
  year = {2024},
  note = {https://docs.zerodev.app/use-wallets/use-session-keys},
}

@article{bnative,
  author = {Joules Barragan},
  title = {Introductory Guide to Account Abstraction (ERC-4337)},
  year = {2023},
  note = {https://www.blocknative.com/blog/account-abstraction-erc-4337-guide},
}